@ARTICLE{KaNiHaSa:12, 
author={Kamei, K. and Nishio, S. and Hagita, N. and Sato, M.}, 
journal={Network, IEEE}, 
title={Cloud networked robotics}, 
year={2012}, 
volume={26}, 
number={3}, 
pages={28-34}, 
keywords={cloud computing;multi-robot systems;service robots;abstracting robotic device;cloud networked robotics;daily activity;integrated multirobot system;life support;multilocation robotic services;robotic development environment;robotic system;robots;stand-alone robotic services;Cloud computing;Mobile robots;Multirobot systems;Networked control systems;Robot kinematics;Service robots;Cloud networked robotics}, 
doi={10.1109/MNET.2012.6201213}, 
ISSN={0890-8044}}

