@incollection {Ho:06,
	author = {Hollnagel, Erik}, 
	editor = {Hollnagel, Erik and Woods, David and Leveson, Nancy},
	title = {Resilience: The Challenge of the Unstable},
	booktitle = {Resilience Engineering},
	publisher = {Ashgate Publishing Limited},
	year = {2006},
	address = {Gower House Croft Rd. Aldershot Hampshire GU11 3HR England}
}

@article{Ho:04,
  title = {The functional resonance accident model},
  author = {Hollnagel, Erik and Goteman, Orjan},
  journal = {Cognitive System Engineering in Process Plant 2004},
  year = {2004}
}

@incollection {Wo:06,
	author = {Woods, David}, 
	editor = {Hollnagel, Erik and Woods, David and Leveson, Nancy},
	title = {Essential Characteristics of Resilience},
	booktitle = {Resilience Engineering},
	publisher = {Ashgate Publishing Limited},
	year = {2006},
	address = {Gower House Croft Rd. Aldershot Hampshire GU11 3HR England}
}
